<record xmlns="http://www.loc.gov/MARC21/slim" xmlns:xsi="http://www.w3.org/2001/XMLSchema-instance" xsi:schemaLocation="http://www.loc.gov/MARC21/slim http://www.loc.gov/standards/marcxml/schema/MARC21slim.xsd"><leader>00845cz   2200241n  4500</leader><controlfield tag="001">oca00040098 </controlfield><controlfield tag="005">19941001081101.4</controlfield><controlfield tag="008">800307n| acannaab           |a aaa      </controlfield><datafield ind1=" " ind2=" " tag="010"><subfield code="a">n  50004515 </subfield></datafield><datafield ind1=" " ind2=" " tag="040"><subfield code="a">DLC</subfield><subfield code="c">DLC</subfield><subfield code="d">DLC</subfield><subfield code="d">Uk/ESTC-NA</subfield><subfield code="d">CU-S</subfield><subfield code="d">UPB</subfield></datafield><datafield ind1="1" ind2=" " tag="100"><subfield code="a">Nepos, Cornelius</subfield></datafield><datafield ind1="1" ind2=" " tag="400"><subfield code="a">Nepote, Cornelio</subfield></datafield><datafield ind1="0" ind2=" " tag="400"><subfield code="a">Cornelius Nepos</subfield></datafield><datafield ind1="0" ind2=" " tag="400"><subfield code="a">Korneliĭ Nepot</subfield></datafield><datafield ind1="1" ind2=" " tag="400"><subfield code="a">Nepot, Korneliĭ</subfield></datafield><datafield ind1="1" ind2=" " tag="400"><subfield code="a">Nepos, Korneliusz</subfield></datafield><datafield ind1="1" ind2=" " tag="400"><subfield code="a">Probus, Æmelius</subfield></datafield><datafield ind1="1" ind2=" " tag="400"><subfield code="a">Probus, Aemylius</subfield></datafield><datafield ind1="1" ind2=" " tag="400"><subfield code="a">Probus, Aemilius</subfield></datafield><datafield ind1=" " ind2=" " tag="667"><subfield code="a">Data provided by the ESTC/BL</subfield></datafield><datafield ind1=" " ind2=" " tag="667"><subfield code="a">Æmelius Probus = Cornelius Nepo</subfield></datafield><datafield ind1=" " ind2=" " tag="670"><subfield code="a">His Cornelius Nepos i urval, 1946-</subfield></datafield><datafield ind1=" " ind2=" " tag="670"><subfield code="a">His Aemylii Probi viri clarissimi de vita excellentium imperatorum liber incipit feliciter, 1498:</subfield><subfield code="b">p. [3] (Aemylii Probi) colophon (Probi Aemilii) spine (Aemilius Probus)</subfield></datafield></record>